<foxml:digitalObject xmlns:foxml="info:fedora/fedora-system:def/foxml#" xmlns:xsi="http://www.w3.org/2001/XMLSchema-instance" PID="MARC21TEST:1001" xsi:schemaLocation="http://www.fedora.info/definitions/1/0/foxml1-0.xsd">
  <foxml:objectProperties>
    <foxml:property NAME="http://www.w3.org/1999/02/22-rdf-syntax-ns#type" VALUE="FedoraObject"></foxml:property>
    <foxml:property NAME="info:fedora/fedora-system:def/model#state" VALUE="A"></foxml:property>
    <foxml:property NAME="info:fedora/fedora-system:def/model#label" VALUE="MAQImported Item: The process and organisational consequences of new artefact adoption in surgery"></foxml:property>
    <foxml:property NAME="info:fedora/fedora-system:def/model#contentModel" VALUE="VITAL"></foxml:property>
  </foxml:objectProperties>
  <foxml:datastream CONTROL_GROUP="X" ID="DC" STATE="A">
    <foxml:datastreamVersion ID="DC.0" LABEL="Dublin Core" MIMETYPE="text/xml">
      <foxml:xmlContent>
        <oai_dc:dc xmlns:dc="http://purl.org/dc/elements/1.1/" xmlns:oai_dc="http://www.openarchives.org/OAI/2.0/oai_dc/">
          <dc:creator>Johnstone, Patricia Lynne.</dc:creator>
          <dc:title>The process and organisational consequences of new artefact adoption in surgery</dc:title>
          <dc:publisher>. </dc:publisher>
          <dc:date>2001.</dc:date>
          <dc:description>Surgical technologies since the late 1980s have undergone substantial innovations that have involved ...the adoption of new machines, instruments, and related surgical materials... referred to throughtout this thesis as intra-operative artefacts... typically represents a commitment of substantial financial resources by the hospitals concerned. However, little is documented about the process whereby the decisions are made to adopt new intra-operative artefacts, and no previous research appears to have explored the work-related consequences of new intra-operative artefact adoption within operating theatre services. This thesis explores the reasons why new intra-operative artefacts are adopted, how the decisions are made, who are the participants in the decsion process and what are the expected and actual organisational consequences of new intra-operative artefact adoption.</dc:description>
          <dc:subject>Surgical technology</dc:subject>
          <dc:subject>Australia.</dc:subject>
          <dc:subject>Operating rooms</dc:subject>
          <dc:subject>Administration</dc:subject>
          <dc:subject>Australia.</dc:subject>
          <dc:subject>Hospitals</dc:subject>
          <dc:subject>Materials management</dc:subject>
          <dc:subject>Australia.</dc:subject>
          <dc:subject>Surgical instruments and apparatus</dc:subject>
          <dc:subject>Technological innovations.</dc:subject>
          <dc:subject>Hospitals</dc:subject>
          <dc:subject>Administration</dc:subject>
          <dc:subject>Australia.</dc:subject>
          <dc:creator>Macquarie University.</dc:creator>
        </oai_dc:dc>
      </foxml:xmlContent>
    </foxml:datastreamVersion>
  </foxml:datastream>
  <foxml:datastream CONTROL_GROUP="X" ID="DS1" STATE="I">
    <foxml:datastreamVersion ID="DS1.0" LABEL="MARCXML Record" MIMETYPE="text/xml">
      <foxml:xmlContent>
        <collection xmlns="http://www.loc.gov/MARC21/slim" xsi:schemaLocation="http://www.loc.gov/MARC21/slim http://www.loc.gov/standards/marcxml/schema/MARC21slim.xsd">
          <record>
            <leader>02546ctm a2200349 a 4500</leader>
            <controlfield tag="001">729347</controlfield>
            <controlfield tag="005">20060919142601.0</controlfield>
            <controlfield tag="008">051012s2001    xnaa   esbm   000 0 eng d</controlfield>
            <datafield ind1=" " ind2=" " tag="040">
              <subfield code="a">NMQU</subfield>
              <subfield code="b">eng</subfield>
              <subfield code="c">NMQU</subfield>
            </datafield>
            <datafield ind1=" " ind2=" " tag="042">
              <subfield code="a">anuc</subfield>
            </datafield>
            <datafield ind1=" " ind2=" " tag="043">
              <subfield code="a">u-at---</subfield>
            </datafield>
            <datafield ind1=" " ind2=" " tag="090">
              <subfield code="a">Electronic version</subfield>
            </datafield>
            <datafield ind1="1" ind2=" " tag="100">
              <subfield code="a">Johnstone, Patricia Lynne.</subfield>
            </datafield>
            <datafield ind1="1" ind2="4" tag="245">
              <subfield code="a">The process and organisational consequences of new artefact adoption in surgery</subfield>
              <subfield code="h">[electronic resource] /</subfield>
              <subfield code="c">by Patricia Lynne Johnstone.</subfield>
            </datafield>
            <datafield ind1=" " ind2=" " tag="260">
              <subfield code="c">2001.</subfield>
            </datafield>
            <datafield ind1=" " ind2=" " tag="502">
              <subfield code="a">Thesis (PhD)--Macquarie University, 2001.</subfield>
            </datafield>
            <datafield ind1=" " ind2=" " tag="504">
              <subfield code="a">Bibliography: leaves 288-310.</subfield>
            </datafield>
            <datafield ind1="0" ind2=" " tag="505">
              <subfield code="a">Introduction -- Introduction to research problem and methodology -- Study context -- Theoretical framework - Review of the literature -- Study design and methods -- Study sites, surgical procedures, and labour input to surgical production -- New intra-operative artefacts: goals, choices and consequences -- Conclusion.</subfield>
            </datafield>
            <datafield ind1="3" ind2=" " tag="520">
              <subfield code="a">Surgical technologies since the late 1980s have undergone substantial innovations that have involved ...the adoption of new machines, instruments, and related surgical materials... referred to throughtout this thesis as intra-operative artefacts... typically represents a commitment of substantial financial resources by the hospitals concerned. However, little is documented about the process whereby the decisions are made to adopt new intra-operative artefacts, and no previous research appears to have explored the work-related consequences of new intra-operative artefact adoption within operating theatre services. This thesis explores the reasons why new intra-operative artefacts are adopted, how the decisions are made, who are the participants in the decsion process and what are the expected and actual organisational consequences of new intra-operative artefact adoption.</subfield>
            </datafield>
            <datafield ind1=" " ind2=" " tag="530">
              <subfield code="a">Also available in print form.</subfield>
            </datafield>
            <datafield ind1=" " ind2=" " tag="533">
              <subfield code="a">Electronic reproduction.</subfield>
              <subfield code="b">[Australia]:</subfield>
              <subfield code="c">Australasian Digital Theses Program,</subfield>
              <subfield code="d">2005.</subfield>
            </datafield>
            <datafield ind1=" " ind2=" " tag="534">
              <subfield code="a">xii, 347 leaves, bound :</subfield>
              <subfield code="b">ill. ;</subfield>
              <subfield code="c">30 cm.</subfield>
            </datafield>
            <datafield ind1=" " ind2="0" tag="650">
              <subfield code="a">Surgical technology</subfield>
              <subfield code="z">Australia.</subfield>
            </datafield>
            <datafield ind1=" " ind2="0" tag="650">
              <subfield code="a">Operating rooms</subfield>
              <subfield code="x">Administration</subfield>
              <subfield code="z">Australia.</subfield>
            </datafield>
            <datafield ind1=" " ind2="0" tag="650">
              <subfield code="a">Hospitals</subfield>
              <subfield code="x">Materials management</subfield>
              <subfield code="z">Australia.</subfield>
            </datafield>
            <datafield ind1=" " ind2="0" tag="650">
              <subfield code="a">Surgical instruments and apparatus</subfield>
              <subfield code="x">Technological innovations.</subfield>
            </datafield>
            <datafield ind1=" " ind2="0" tag="650">
              <subfield code="a">Hospitals</subfield>
              <subfield code="x">Administration</subfield>
              <subfield code="z">Australia.</subfield>
            </datafield>
            <datafield ind1=" " ind2=" " tag="653">
              <subfield code="a">Technological change -- decision process.</subfield>
            </datafield>
            <datafield ind1="1" ind2=" " tag="710">
              <subfield code="a">Macquarie University.</subfield>
              <subfield code="c">Macquarie Graduate School of Management.</subfield>
            </datafield>
            <datafield ind1=" " ind2="0" tag="830">
              <subfield code="a">Australasian Digital Theses Program.</subfield>
            </datafield>
            <datafield ind1=" " ind2=" " tag="929">
              <subfield code="a">NMQUGSMp2001</subfield>
            </datafield>
            <datafield ind1=" " ind2=" " tag="984">
              <subfield code="a">NMQU</subfield>
              <subfield code="c">held</subfield>
            </datafield>
          </record>
        </collection>
      </foxml:xmlContent>
    </foxml:datastreamVersion>
  </foxml:datastream>
</foxml:digitalObject>